@article{einstein,
    author =       "Albert Einstein",
    title =        "{Zur Elektrodynamik bewegter K{\"o}rper}. ({German})
        [{On} the electrodynamics of moving bodies]",
    journal =      "Annalen der Physik",
    volume =       "322",
    number =       "10",
    pages =        "891--921",
    year =         "1905",
    DOI =          "http://dx.doi.org/10.1002/andp.19053221004"
}
 
@book{latexcompanion,
    author    = "Michel Goossens and Frank Mittelbach and Alexander Samarin",
    title     = "The \LaTeX\ Companion",
    year      = "1993",
    publisher = "Addison-Wesley",
    address   = "Reading, Massachusetts"
}

@misc{desi_Latvija,
    author =       "Eiropas Savienība",
    title =        "Digitālās ekonomikas un sabiedrības indekss 2018, ziņojums par Latviju",
    year =         "2019",
    url = "http://ec.europa.eu/information_society/newsroom/image/document/2018-20/lv-desi_2018-country-profile-lang_4AA73DB4-0419-7542-DFB05BCC7A78BF7D_52350.pdf"
}

@misc{desi,
    author    = "European Comission",
    title     = "Digital Economy and Society Index",
    url       = "https://digital-agenda-data.eu/datasets/desi/visualizations"
}

@misc{varam,
    author = "VARAM",
    title = "E-pārvaldei ir vadošā loma digitālās sabiedrības un ekonomikas attīstībā",
    url = "http://www.varam.gov.lv/lat/aktual/preses_relizes/?doc=26244"
}

@misc{muzizglitiba,
    author = "IZM",
    title = "Mūžīzglītība",
    url = "http://www.muzizglitiba.lv/node/198"
}
@misc{datigov,
    author = "CSP",
    title = "Latvijas statistika",
    url = "http://data1.csb.gov.lv/pxweb/lv/?rxid=a39c3f49-e95e-43e7-b4f0-dce111b48ba1"
}